<?xml version="1.0" encoding="UTF-8"?>
<Document xmlns:xsi="http://www.w3.org/2001/XMLSchema-instance" xmlns="urn:iso:std:iso:20022:tech:xsd:camt.054.001.04">
	<BkToCstmrDbtCdtNtfctn>
		<GrpHdr>
			<MsgId>BNPCH202104081801180000000000000588</MsgId>
			<CreDtTm>2021-04-08T18:03:31</CreDtTm>
			<MsgPgntn>
				<PgNb>1</PgNb>
				<LastPgInd>true</LastPgInd>
			</MsgPgntn>
			<AddtlInf>SPS/1.7/PROD</AddtlInf>
		</GrpHdr>
		<Ntfctn>
			<Id>BNPCH202104081801180000000000000586</Id>
			<CreDtTm>2021-04-08T18:01:21</CreDtTm>
			<FrToDt>
				<FrDtTm>2021-04-07T02:00:00</FrDtTm>
				<ToDtTm>2021-04-08T02:00:00</ToDtTm>
			</FrToDt>
			<RptgSrc>
				<Prtry>OTHR</Prtry>
			</RptgSrc>
			<Acct>
				<Id>
					<IBAN>CH6608686001087047001</IBAN>
				</Id>
				<Ownr>
					<Nm>XXXX Xxxxxxxx </Nm>
				</Ownr>
			</Acct>
			<Ntry>
				<Amt Ccy="CHF">34040.40</Amt>
				<CdtDbtInd>CRDT</CdtDbtInd>
				<Sts>BOOK</Sts>
				<BookgDt>
					<Dt>2021-04-08</Dt>
				</BookgDt>
				<ValDt>
					<Dt>2021-04-08</Dt>
				</ValDt>
				<AcctSvcrRef>62477803</AcctSvcrRef>
				<BkTxCd>
					<Domn>
						<Cd>PMNT</Cd>
						<Fmly>
							<Cd>RCDT</Cd>
							<SubFmlyCd>VCOM</SubFmlyCd>
						</Fmly>
					</Domn>
				</BkTxCd>
				<Chrgs>
					<Rcrd>
						<Amt Ccy="CHF">0.00</Amt>
						<ChrgInclInd>false</ChrgInclInd>
						<Tp>
							<Prtry>
								<Id>POFI</Id>
							</Prtry>
						</Tp>
					</Rcrd>
				</Chrgs>
				<NtryDtls>
					<Btch>
						<NbOfTxs>11</NbOfTxs>
					</Btch>
					<TxDtls>
						<Refs>
							<EndToEndId>4020506d37be478682e518d1fd96113e</EndToEndId>
						</Refs>
						<Amt Ccy="CHF">1359.2</Amt>
						<CdtDbtInd>CRDT</CdtDbtInd>
						<Chrgs>
							<Rcrd>
								<Amt Ccy="CHF">0.00</Amt>
								<ChrgInclInd>false</ChrgInclInd>
								<Tp>
									<Prtry>
										<Id>POFI</Id>
									</Prtry>
								</Tp>
							</Rcrd>
						</Chrgs>
						<RltdPties>
							<Dbtr>
								<Nm>xxxxx xxxxxxxx xxxxxxxxxx xx</Nm>
								<PstlAdr>
									<Ctry>CH</Ctry>
									<AdrLine>CHStrasse</AdrLine>
									<AdrLine>8835 CHStrasse</AdrLine>
								</PstlAdr>
							</Dbtr>
							<Cdtr>
								<Nm>XXXX Xxxxxxxx xxxxxx xx</Nm>
								<PstlAdr>
									<Ctry>CH</Ctry>
									<AdrLine>Chemin des Xxxxxxxxxxx 99 Case postale 999</AdrLine>
									<AdrLine>9999 CHVILLE</AdrLine>
								</PstlAdr>
							</Cdtr>
						</RltdPties>
						<RmtInf>
							<Ustrd>16.03.2021</Ustrd>
							<Strd>
								<CdtrRefInf>
									<Tp>
										<CdOrPrtry>
											<Prtry>QRR</Prtry>
										</CdOrPrtry>
									</Tp>
									<Ref>004400122237402802052664128</Ref>
								</CdtrRefInf>
							</Strd>
						</RmtInf>
						<RltdDts>
							<AccptncDtTm>2021-04-08T00:00:00</AccptncDtTm>
						</RltdDts>
					</TxDtls>
					<TxDtls>
						<Amt Ccy="CHF">651.8</Amt>
						<CdtDbtInd>CRDT</CdtDbtInd>
						<Chrgs>
							<Rcrd>
								<Amt Ccy="CHF">0.00</Amt>
								<ChrgInclInd>false</ChrgInclInd>
								<Tp>
									<Prtry>
										<Id>POFI</Id>
									</Prtry>
								</Tp>
							</Rcrd>
						</Chrgs>
						<RltdPties>
							<Dbtr>
								<Nm>xxxxxx xxx</Nm>
								<PstlAdr>
									<StrtNm>CHStrasse.</StrtNm>
									<BldgNb>31</BldgNb>
									<PstCd>8302</PstCd>
									<TwnNm>CHVILLE</TwnNm>
									<Ctry>CH</Ctry>
								</PstlAdr>
							</Dbtr>
							<Cdtr>
								<Nm>XXXX Xxxxxxxx (xxxxxx) xx</Nm>
								<PstlAdr>
									<Ctry>CH</Ctry>
									<AdrLine>Route de xxxxxxxxx 3</AdrLine>
									<AdrLine>9999 CHVILLE</AdrLine>
								</PstlAdr>
							</Cdtr>
						</RltdPties>
						<RmtInf>
							<Strd>
								<CdtrRefInf>
									<Tp>
										<CdOrPrtry>
											<Prtry>QRR</Prtry>
										</CdOrPrtry>
									</Tp>
									<Ref>004400122237402802052664128</Ref>
								</CdtrRefInf>
							</Strd>
						</RmtInf>
						<RltdDts>
							<AccptncDtTm>2021-04-08T00:00:00</AccptncDtTm>
						</RltdDts>
					</TxDtls>
					<TxDtls>
						<Refs>
							<EndToEndId>SP-42054399-0</EndToEndId>
						</Refs>
						<Amt Ccy="CHF">5605.95</Amt>
						<CdtDbtInd>CRDT</CdtDbtInd>
						<Chrgs>
							<Rcrd>
								<Amt Ccy="CHF">0.00</Amt>
								<ChrgInclInd>false</ChrgInclInd>
								<Tp>
									<Prtry>
										<Id>POFI</Id>
									</Prtry>
								</Tp>
							</Rcrd>
						</Chrgs>
						<RltdPties>
							<Dbtr>
								<Nm>xxxx xxxxx xxxx</Nm>
								<PstlAdr>
									<Ctry>CH</Ctry>
								</PstlAdr>
								<Id>
									<PrvtId>
										<Othr>
											<Id>042515950642</Id>
											<SchmeNm>
												<Cd>CUST</Cd>
											</SchmeNm>
											<Issr>CH/CRESCHZZ</Issr>
										</Othr>
									</PrvtId>
								</Id>
							</Dbtr>
							<UltmtDbtr>
								<Nm>xxxx xxxxx xxxx x/x xx xxxx xxxxxxxx</Nm>
								<PstlAdr>
									<Ctry>CH</Ctry>
									<AdrLine>RUE CHStrasse 2</AdrLine>
									<AdrLine>2001 CHVILLE</AdrLine>
								</PstlAdr>
							</UltmtDbtr>
							<Cdtr>
								<Nm>XXXX Xxxxxxxx xxxxxxxx xx</Nm>
								<PstlAdr>
									<Ctry>CH</Ctry>
									<AdrLine>Route de xxxxxxxxx 3</AdrLine>
									<AdrLine>9999 CHVILLE</AdrLine>
								</PstlAdr>
							</Cdtr>
						</RltdPties>
						<RmtInf>
							<Ustrd>0117171443-20210309</Ustrd>
							<Strd>
								<CdtrRefInf>
									<Tp>
										<CdOrPrtry>
											<Prtry>QRR</Prtry>
										</CdOrPrtry>
									</Tp>
									<Ref>004400122237402802052664128</Ref>
								</CdtrRefInf>
							</Strd>
						</RmtInf>
						<RltdDts>
							<AccptncDtTm>2021-04-08T00:00:00</AccptncDtTm>
						</RltdDts>
					</TxDtls>
					<TxDtls>
						<Refs>
							<EndToEndId>117171421</EndToEndId>
						</Refs>
						<Amt Ccy="CHF">1834.65</Amt>
						<CdtDbtInd>CRDT</CdtDbtInd>
						<Chrgs>
							<Rcrd>
								<Amt Ccy="CHF">0.00</Amt>
								<ChrgInclInd>false</ChrgInclInd>
								<Tp>
									<Prtry>
										<Id>POFI</Id>
									</Prtry>
								</Tp>
							</Rcrd>
						</Chrgs>
						<RltdPties>
							<Dbtr>
								<Nm>xxx xxxxx xx</Nm>
								<PstlAdr>
									<Ctry>CH</Ctry>
									<AdrLine>CHStrasse</AdrLine>
									<AdrLine>7304 CHVILLE</AdrLine>
								</PstlAdr>
								<Id>
									<PrvtId>
										<Othr>
											<Id>271378.0</Id>
										</Othr>
									</PrvtId>
								</Id>
							</Dbtr>
							<Cdtr>
								<Nm>XXXX Xxxxxxxx (kw)</Nm>
								<PstlAdr>
									<StrtNm>XXXX Xxxxxxxx</StrtNm>
									<BldgNb>1</BldgNb>
									<PstCd>9999</PstCd>
									<TwnNm>CHVILLE</TwnNm>
									<Ctry>CH</Ctry>
								</PstlAdr>
							</Cdtr>
						</RltdPties>
						<RmtInf>
							<Ustrd>117171421</Ustrd>
							<Strd>
								<CdtrRefInf>
									<Tp>
										<CdOrPrtry>
											<Prtry>QRR</Prtry>
										</CdOrPrtry>
									</Tp>
									<Ref>004400122237402802052664128</Ref>
								</CdtrRefInf>
							</Strd>
						</RmtInf>
						<RltdDts>
							<AccptncDtTm>2021-04-08T00:00:00</AccptncDtTm>
						</RltdDts>
					</TxDtls>
					<TxDtls>
						<Refs>
							<EndToEndId>066701</EndToEndId>
						</Refs>
						<Amt Ccy="CHF">1202</Amt>
						<CdtDbtInd>CRDT</CdtDbtInd>
						<Chrgs>
							<Rcrd>
								<Amt Ccy="CHF">0.00</Amt>
								<ChrgInclInd>false</ChrgInclInd>
								<Tp>
									<Prtry>
										<Id>POFI</Id>
									</Prtry>
								</Tp>
							</Rcrd>
						</Chrgs>
						<RltdPties>
							<Dbtr>
								<Nm>xxxxx xxxx xx</Nm>
								<PstlAdr>
									<StrtNm>ROUTE DE LA CHStrasse</StrtNm>
									<BldgNb>14</BldgNb>
									<PstCd>1023</PstCd>
									<TwnNm>CHVILLE</TwnNm>
									<Ctry>CH</Ctry>
								</PstlAdr>
							</Dbtr>
							<UltmtDbtr>
								<Nm>xxxxx xxxx xx</Nm>
								<PstlAdr>
									<AdrLine>RTE DE LA CHStrasse 14</AdrLine>
									<AdrLine>1023 CHVILLE</AdrLine>
								</PstlAdr>
							</UltmtDbtr>
							<Cdtr>
								<Nm>XXXX Xxxxxxxx xxxxxx x.x.</Nm>
								<PstlAdr>
									<AdrLine>RTE DE xxxxxxxxx 3</AdrLine>
									<AdrLine>9999 CHVILLE CH</AdrLine>
								</PstlAdr>
							</Cdtr>
						</RltdPties>
						<RmtInf>
							<Ustrd>0117171210-20210302</Ustrd>
							<Strd>
								<CdtrRefInf>
									<Tp>
										<CdOrPrtry>
											<Prtry>QRR</Prtry>
										</CdOrPrtry>
									</Tp>
									<Ref>004400122237402802052664128</Ref>
								</CdtrRefInf>
							</Strd>
						</RmtInf>
						<RltdDts>
							<AccptncDtTm>2021-04-08T00:00:00</AccptncDtTm>
						</RltdDts>
					</TxDtls>
					<TxDtls>
						<Refs>
							<EndToEndId>066701</EndToEndId>
						</Refs>
						<Amt Ccy="CHF">247</Amt>
						<CdtDbtInd>CRDT</CdtDbtInd>
						<Chrgs>
							<Rcrd>
								<Amt Ccy="CHF">0.00</Amt>
								<ChrgInclInd>false</ChrgInclInd>
								<Tp>
									<Prtry>
										<Id>POFI</Id>
									</Prtry>
								</Tp>
							</Rcrd>
						</Chrgs>
						<RltdPties>
							<Dbtr>
								<Nm>xxxxx xxxx xx</Nm>
								<PstlAdr>
									<StrtNm>ROUTE DE LA CHStrasse</StrtNm>
									<BldgNb>14</BldgNb>
									<PstCd>9999</PstCd>
									<TwnNm>CHVILLE</TwnNm>
									<Ctry>CH</Ctry>
								</PstlAdr>
							</Dbtr>
							<UltmtDbtr>
								<Nm>xxxxx xxxx xx</Nm>
								<PstlAdr>
									<AdrLine>RTE DE LA CHStrasse 14</AdrLine>
									<AdrLine>9999 CHVILLE CH</AdrLine>
								</PstlAdr>
							</UltmtDbtr>
							<Cdtr>
								<Nm>XXXX Xxxxxxxx xxxxxx x.x.</Nm>
								<PstlAdr>
									<AdrLine>RTE DE xxxxxxxxx 3</AdrLine>
									<AdrLine>9999 CHVILLE CH</AdrLine>
								</PstlAdr>
							</Cdtr>
						</RltdPties>
						<RmtInf>
							<Ustrd>0117171355-20210308</Ustrd>
							<Strd>
								<CdtrRefInf>
									<Tp>
										<CdOrPrtry>
											<Prtry>QRR</Prtry>
										</CdOrPrtry>
									</Tp>
									<Ref>004400122237402802052664128</Ref>
								</CdtrRefInf>
							</Strd>
						</RmtInf>
						<RltdDts>
							<AccptncDtTm>2021-04-08T00:00:00</AccptncDtTm>
						</RltdDts>
					</TxDtls>
					<TxDtls>
						<Refs>
							<EndToEndId>675-20210408114200707-1-3</EndToEndId>
						</Refs>
						<Amt Ccy="CHF">840.2</Amt>
						<CdtDbtInd>CRDT</CdtDbtInd>
						<Chrgs>
							<Rcrd>
								<Amt Ccy="CHF">0.00</Amt>
								<ChrgInclInd>false</ChrgInclInd>
								<Tp>
									<Prtry>
										<Id>POFI</Id>
									</Prtry>
								</Tp>
							</Rcrd>
						</Chrgs>
						<RltdPties>
							<Dbtr>
								<Nm>xxxxxxxxxxxx xxxxxxxx xx</Nm>
								<PstlAdr>
									<Ctry>CH</Ctry>
									<AdrLine>CHStrasse 28</AdrLine>
									<AdrLine>8045 CHVILLE</AdrLine>
								</PstlAdr>
							</Dbtr>
							<Cdtr>
								<Nm>XXXX Xxxxxxxx (xxxxxx) xx</Nm>
								<PstlAdr>
									<StrtNm>Route de xxxxxxxxx</StrtNm>
									<BldgNb>3</BldgNb>
									<PstCd>9999</PstCd>
									<TwnNm>CHVILLE</TwnNm>
									<Ctry>CH</Ctry>
								</PstlAdr>
							</Cdtr>
						</RltdPties>
						<RmtInf>
							<Strd>
								<CdtrRefInf>
									<Tp>
										<CdOrPrtry>
											<Prtry>QRR</Prtry>
										</CdOrPrtry>
									</Tp>
									<Ref>004400122237402802052664128</Ref>
								</CdtrRefInf>
							</Strd>
						</RmtInf>
						<RltdDts>
							<AccptncDtTm>2021-04-08T00:00:00</AccptncDtTm>
						</RltdDts>
					</TxDtls>
					<TxDtls>
						<Refs>
							<EndToEndId>675-20210408114200707-1-4</EndToEndId>
						</Refs>
						<Amt Ccy="CHF">6741.8</Amt>
						<CdtDbtInd>CRDT</CdtDbtInd>
						<Chrgs>
							<Rcrd>
								<Amt Ccy="CHF">0.00</Amt>
								<ChrgInclInd>false</ChrgInclInd>
								<Tp>
									<Prtry>
										<Id>POFI</Id>
									</Prtry>
								</Tp>
							</Rcrd>
						</Chrgs>
						<RltdPties>
							<Dbtr>
								<Nm>xxxxxxxxxxxx xxxxxxxx xx</Nm>
								<PstlAdr>
									<Ctry>CH</Ctry>
									<AdrLine>CHStrasse 28</AdrLine>
									<AdrLine>8045 CHVILLE</AdrLine>
								</PstlAdr>
							</Dbtr>
							<Cdtr>
								<Nm>XXXX Xxxxxxxx (xxxxxx) xx</Nm>
								<PstlAdr>
									<StrtNm>Route de xxxxxxxxx</StrtNm>
									<BldgNb>3</BldgNb>
									<PstCd>9999</PstCd>
									<TwnNm>CHVILLE</TwnNm>
									<Ctry>CH</Ctry>
								</PstlAdr>
							</Cdtr>
						</RltdPties>
						<RmtInf>
							<Strd>
								<CdtrRefInf>
									<Tp>
										<CdOrPrtry>
											<Prtry>QRR</Prtry>
										</CdOrPrtry>
									</Tp>
									<Ref>004400122237402802052664128</Ref>
								</CdtrRefInf>
							</Strd>
						</RmtInf>
						<RltdDts>
							<AccptncDtTm>2021-04-08T00:00:00</AccptncDtTm>
						</RltdDts>
					</TxDtls>
					<TxDtls>
						<Refs>
							<EndToEndId>676-20210408125956713-1-2</EndToEndId>
						</Refs>
						<Amt Ccy="CHF">6093.1</Amt>
						<CdtDbtInd>CRDT</CdtDbtInd>
						<Chrgs>
							<Rcrd>
								<Amt Ccy="CHF">0.00</Amt>
								<ChrgInclInd>false</ChrgInclInd>
								<Tp>
									<Prtry>
										<Id>POFI</Id>
									</Prtry>
								</Tp>
							</Rcrd>
						</Chrgs>
						<RltdPties>
							<Dbtr>
								<Nm>xxxxxxxxxxxx xxxxxxxx xx</Nm>
								<PstlAdr>
									<Ctry>CH</Ctry>
									<AdrLine>CHStrasse 28</AdrLine>
									<AdrLine>8045 CHVILLE</AdrLine>
								</PstlAdr>
							</Dbtr>
							<Cdtr>
								<Nm>XXXX Xxxxxxxx xxxxxxxxx xx</Nm>
								<PstlAdr>
									<StrtNm>Route de xxxxxxxxx</StrtNm>
									<BldgNb>3</BldgNb>
									<PstCd>9999</PstCd>
									<TwnNm>CHVILLE</TwnNm>
									<Ctry>CH</Ctry>
								</PstlAdr>
							</Cdtr>
						</RltdPties>
						<RmtInf>
							<Strd>
								<CdtrRefInf>
									<Tp>
										<CdOrPrtry>
											<Prtry>QRR</Prtry>
										</CdOrPrtry>
									</Tp>
									<Ref>004400122237402802052664128</Ref>
								</CdtrRefInf>
							</Strd>
						</RmtInf>
						<RltdDts>
							<AccptncDtTm>2021-04-08T00:00:00</AccptncDtTm>
						</RltdDts>
					</TxDtls>
					<TxDtls>
						<Refs>
							<EndToEndId>677-20210408130424247-1-35</EndToEndId>
						</Refs>
						<Amt Ccy="CHF">7699.8</Amt>
						<CdtDbtInd>CRDT</CdtDbtInd>
						<Chrgs>
							<Rcrd>
								<Amt Ccy="CHF">0.00</Amt>
								<ChrgInclInd>false</ChrgInclInd>
								<Tp>
									<Prtry>
										<Id>POFI</Id>
									</Prtry>
								</Tp>
							</Rcrd>
						</Chrgs>
						<RltdPties>
							<Dbtr>
								<Nm>xxxxxxxxxxxx xxxxxxxx xx</Nm>
								<PstlAdr>
									<Ctry>CH</Ctry>
									<AdrLine>CHStrasse 28</AdrLine>
									<AdrLine>8045 CHVILLE</AdrLine>
								</PstlAdr>
							</Dbtr>
							<Cdtr>
								<Nm>XXXX Xxxxxxxx (xxxxxx) xx</Nm>
								<PstlAdr>
									<StrtNm>Route de xxxxxxxxx</StrtNm>
									<BldgNb>3</BldgNb>
									<PstCd>9999</PstCd>
									<TwnNm>CHVILLE</TwnNm>
									<Ctry>CH</Ctry>
								</PstlAdr>
							</Cdtr>
						</RltdPties>
						<RmtInf>
							<Strd>
								<CdtrRefInf>
									<Tp>
										<CdOrPrtry>
											<Prtry>QRR</Prtry>
										</CdOrPrtry>
									</Tp>
									<Ref>004400122237402802052664128</Ref>
								</CdtrRefInf>
							</Strd>
						</RmtInf>
						<RltdDts>
							<AccptncDtTm>2021-04-08T00:00:00</AccptncDtTm>
						</RltdDts>
					</TxDtls>
					<TxDtls>
						<Refs>
							<EndToEndId>677-20210408130424247-1-36</EndToEndId>
						</Refs>
						<Amt Ccy="CHF">1764.9</Amt>
						<CdtDbtInd>CRDT</CdtDbtInd>
						<Chrgs>
							<Rcrd>
								<Amt Ccy="CHF">0.00</Amt>
								<ChrgInclInd>false</ChrgInclInd>
								<Tp>
									<Prtry>
										<Id>POFI</Id>
									</Prtry>
								</Tp>
							</Rcrd>
						</Chrgs>
						<RltdPties>
							<Dbtr>
								<Nm>xxxxxxxxxxxx xxxxxxxx xx</Nm>
								<PstlAdr>
									<Ctry>CH</Ctry>
									<AdrLine>CHStrasse 28</AdrLine>
									<AdrLine>8045 CHVILLE</AdrLine>
								</PstlAdr>
							</Dbtr>
							<Cdtr>
								<Nm>XXXX Xxxxxxxx (xxxxxx) xx</Nm>
								<PstlAdr>
									<StrtNm>Route de xxxxxxxxx</StrtNm>
									<BldgNb>3</BldgNb>
									<PstCd>9999</PstCd>
									<TwnNm>CHVILLE</TwnNm>
									<Ctry>CH</Ctry>
								</PstlAdr>
							</Cdtr>
						</RltdPties>
						<RmtInf>
							<Strd>
								<CdtrRefInf>
									<Tp>
										<CdOrPrtry>
											<Prtry>QRR</Prtry>
										</CdOrPrtry>
									</Tp>
									<Ref>004400122237402802052664128</Ref>
								</CdtrRefInf>
							</Strd>
						</RmtInf>
						<RltdDts>
							<AccptncDtTm>2021-04-08T00:00:00</AccptncDtTm>
						</RltdDts>
					</TxDtls>
				</NtryDtls>
			</Ntry>
			<Ntry>
				<NtryRef>130110</NtryRef>
				<Amt Ccy="CHF">45122.15</Amt>
				<CdtDbtInd>CRDT</CdtDbtInd>
				<Sts>BOOK</Sts>
				<BookgDt>
					<Dt>2021-04-08</Dt>
				</BookgDt>
				<ValDt>
					<Dt>2021-04-08</Dt>
				</ValDt>
				<AcctSvcrRef>62477793</AcctSvcrRef>
				<BkTxCd>
					<Domn>
						<Cd>PMNT</Cd>
						<Fmly>
							<Cd>RCDT</Cd>
							<SubFmlyCd>VCOM</SubFmlyCd>
						</Fmly>
					</Domn>
				</BkTxCd>
				<Chrgs>
					<Rcrd>
						<Amt Ccy="CHF">0.00</Amt>
						<ChrgInclInd>false</ChrgInclInd>
						<Tp>
							<Prtry>
								<Id>POFI</Id>
							</Prtry>
						</Tp>
					</Rcrd>
				</Chrgs>
				<NtryDtls>
					<Btch>
						<NbOfTxs>6</NbOfTxs>
					</Btch>
					<TxDtls>
						<Amt Ccy="CHF">285.75</Amt>
						<CdtDbtInd>CRDT</CdtDbtInd>
						<BkTxCd>
							<Domn>
								<Cd>PMNT</Cd>
								<Fmly>
									<Cd>RCDT</Cd>
									<SubFmlyCd>VCOM</SubFmlyCd>
								</Fmly>
							</Domn>
						</BkTxCd>
						<Chrgs>
							<Rcrd>
								<Amt Ccy="CHF">0.00</Amt>
								<ChrgInclInd>false</ChrgInclInd>
								<Tp>
									<Prtry>
										<Id>POFI</Id>
									</Prtry>
								</Tp>
							</Rcrd>
						</Chrgs>
						<RltdPties>
							<Dbtr>
								<Nm>xxx-xxxxxxxxxxx xxxxxxxxxxxx</Nm>
								<PstlAdr>
									<Ctry>CH</Ctry>
									<AdrLine>Rue de CHStrasse 32</AdrLine>
									<AdrLine>1201 CHVILLE</AdrLine>
								</PstlAdr>
							</Dbtr>
						</RltdPties>
						<RmtInf>
							<Strd>
								<CdtrRefInf>
									<Tp>
										<CdOrPrtry>
											<Prtry>ESR</Prtry>
										</CdOrPrtry>
									</Tp>
									<Ref>004400122237402802052664128</Ref>
								</CdtrRefInf>
							</Strd>
						</RmtInf>
						<RltdDts>
							<AccptncDtTm>2021-04-08T00:00:00</AccptncDtTm>
						</RltdDts>
					</TxDtls>
					<TxDtls>
						<Refs>
							<EndToEndId>SP-84563481-0</EndToEndId>
						</Refs>
						<Amt Ccy="CHF">1868.5</Amt>
						<CdtDbtInd>CRDT</CdtDbtInd>
						<BkTxCd>
							<Domn>
								<Cd>PMNT</Cd>
								<Fmly>
									<Cd>RCDT</Cd>
									<SubFmlyCd>VCOM</SubFmlyCd>
								</Fmly>
							</Domn>
						</BkTxCd>
						<Chrgs>
							<Rcrd>
								<Amt Ccy="CHF">0.00</Amt>
								<ChrgInclInd>false</ChrgInclInd>
								<Tp>
									<Prtry>
										<Id>POFI</Id>
									</Prtry>
								</Tp>
							</Rcrd>
						</Chrgs>
						<RltdPties>
							<Dbtr>
								<Nm>xxxx xxxxxx xx</Nm>
								<PstlAdr>
									<StrtNm>Rue du CHStrasse</StrtNm>
									<BldgNb>35</BldgNb>
									<PstCd>1006</PstCd>
									<TwnNm>Lausanne</TwnNm>
									<Ctry>CH</Ctry>
								</PstlAdr>
							</Dbtr>
						</RltdPties>
						<RmtInf>
							<Strd>
								<CdtrRefInf>
									<Tp>
										<CdOrPrtry>
											<Prtry>ESR</Prtry>
										</CdOrPrtry>
									</Tp>
									<Ref>004400122237402802052664128</Ref>
								</CdtrRefInf>
							</Strd>
						</RmtInf>
						<RltdDts>
							<AccptncDtTm>2021-04-08T00:00:00</AccptncDtTm>
						</RltdDts>
					</TxDtls>
					<TxDtls>
						<Amt Ccy="CHF">1463.9</Amt>
						<CdtDbtInd>CRDT</CdtDbtInd>
						<BkTxCd>
							<Domn>
								<Cd>PMNT</Cd>
								<Fmly>
									<Cd>RCDT</Cd>
									<SubFmlyCd>VCOM</SubFmlyCd>
								</Fmly>
							</Domn>
						</BkTxCd>
						<Chrgs>
							<Rcrd>
								<Amt Ccy="CHF">0.00</Amt>
								<ChrgInclInd>false</ChrgInclInd>
								<Tp>
									<Prtry>
										<Id>POFI</Id>
									</Prtry>
								</Tp>
							</Rcrd>
						</Chrgs>
						<RltdPties>
							<Dbtr>
								<Nm>xxxxxx xxxxxx xx</Nm>
								<PstlAdr>
									<Ctry>CH</Ctry>
									<AdrLine>CHStrasse 22</AdrLine>
									<AdrLine>6006 CHVILLE</AdrLine>
								</PstlAdr>
							</Dbtr>
						</RltdPties>
						<RmtInf>
							<Strd>
								<CdtrRefInf>
									<Tp>
										<CdOrPrtry>
											<Prtry>ESR</Prtry>
										</CdOrPrtry>
									</Tp>
									<Ref>004400122237402802052664128</Ref>
								</CdtrRefInf>
							</Strd>
						</RmtInf>
						<RltdDts>
							<AccptncDtTm>2021-04-08T00:00:00</AccptncDtTm>
						</RltdDts>
					</TxDtls>
					<TxDtls>
						<Amt Ccy="CHF">15814.6</Amt>
						<CdtDbtInd>CRDT</CdtDbtInd>
						<BkTxCd>
							<Domn>
								<Cd>PMNT</Cd>
								<Fmly>
									<Cd>RCDT</Cd>
									<SubFmlyCd>VCOM</SubFmlyCd>
								</Fmly>
							</Domn>
						</BkTxCd>
						<Chrgs>
							<Rcrd>
								<Amt Ccy="CHF">0.00</Amt>
								<ChrgInclInd>false</ChrgInclInd>
								<Tp>
									<Prtry>
										<Id>POFI</Id>
									</Prtry>
								</Tp>
							</Rcrd>
						</Chrgs>
						<RltdPties>
							<Dbtr>
								<Nm>xxxxxx xxxxxx xx</Nm>
								<PstlAdr>
									<Ctry>CH</Ctry>
									<AdrLine>CHStrasse 22</AdrLine>
									<AdrLine>6006 CHVILLE</AdrLine>
								</PstlAdr>
							</Dbtr>
						</RltdPties>
						<RmtInf>
							<Strd>
								<CdtrRefInf>
									<Tp>
										<CdOrPrtry>
											<Prtry>ESR</Prtry>
										</CdOrPrtry>
									</Tp>
									<Ref>004400122237402802052664128</Ref>
								</CdtrRefInf>
							</Strd>
						</RmtInf>
						<RltdDts>
							<AccptncDtTm>2021-04-08T00:00:00</AccptncDtTm>
						</RltdDts>
					</TxDtls>
					<TxDtls>
						<Refs>
							<EndToEndId>Nr. 11717446</EndToEndId>
						</Refs>
						<Amt Ccy="CHF">23396.05</Amt>
						<CdtDbtInd>CRDT</CdtDbtInd>
						<BkTxCd>
							<Domn>
								<Cd>PMNT</Cd>
								<Fmly>
									<Cd>RCDT</Cd>
									<SubFmlyCd>VCOM</SubFmlyCd>
								</Fmly>
							</Domn>
						</BkTxCd>
						<Chrgs>
							<Rcrd>
								<Amt Ccy="CHF">0.00</Amt>
								<ChrgInclInd>false</ChrgInclInd>
								<Tp>
									<Prtry>
										<Id>POFI</Id>
									</Prtry>
								</Tp>
							</Rcrd>
						</Chrgs>
						<RltdPties>
							<Dbtr>
								<Nm>xxxxxx xxxxx xx</Nm>
								<PstlAdr>
									<StrtNm>CHStrasse</StrtNm>
									<BldgNb>110</BldgNb>
									<PstCd>6003</PstCd>
									<TwnNm>CHVILLE</TwnNm>
									<Ctry>CH</Ctry>
								</PstlAdr>
							</Dbtr>
						</RltdPties>
						<RmtInf>
							<Strd>
								<CdtrRefInf>
									<Tp>
										<CdOrPrtry>
											<Prtry>ESR</Prtry>
										</CdOrPrtry>
									</Tp>
									<Ref>004400122237402802052664128</Ref>
								</CdtrRefInf>
							</Strd>
						</RmtInf>
						<RltdDts>
							<AccptncDtTm>2021-04-08T00:00:00</AccptncDtTm>
						</RltdDts>
					</TxDtls>
					<TxDtls>
						<Amt Ccy="CHF">2293.35</Amt>
						<CdtDbtInd>CRDT</CdtDbtInd>
						<BkTxCd>
							<Domn>
								<Cd>PMNT</Cd>
								<Fmly>
									<Cd>RCDT</Cd>
									<SubFmlyCd>VCOM</SubFmlyCd>
								</Fmly>
							</Domn>
						</BkTxCd>
						<Chrgs>
							<Rcrd>
								<Amt Ccy="CHF">0.00</Amt>
								<ChrgInclInd>false</ChrgInclInd>
								<Tp>
									<Prtry>
										<Id>POFI</Id>
									</Prtry>
								</Tp>
							</Rcrd>
						</Chrgs>
						<RltdPties>
							<Dbtr>
								<Nm>xxxxxx xxxxx</Nm>
								<PstlAdr>
									<AdrLine>CHStrasse 5A CH 4102 CHVILLE</AdrLine>
								</PstlAdr>
							</Dbtr>
						</RltdPties>
						<RmtInf>
							<Strd>
								<CdtrRefInf>
									<Tp>
										<CdOrPrtry>
											<Prtry>ESR</Prtry>
										</CdOrPrtry>
									</Tp>
									<Ref>004400122237402802052664128</Ref>
								</CdtrRefInf>
							</Strd>
						</RmtInf>
						<RltdDts>
							<AccptncDtTm>2021-04-08T00:00:00</AccptncDtTm>
						</RltdDts>
					</TxDtls>
				</NtryDtls>
			</Ntry>
		</Ntfctn>
	</BkToCstmrDbtCdtNtfctn>
</Document>